<record><leader>00000cas a22000007a 4500</leader><controlfield tag="001">12016348</controlfield><controlfield tag="008">850509d19831984mtuer ne      0    0eng d</controlfield><datafield ind1=" " ind2=" " tag="010"><subfield code="a">sn 85053123 </subfield></datafield><datafield ind1=" " ind2=" " tag="040"><subfield code="a">MTL</subfield><subfield code="b">eng</subfield><subfield code="c">MTL</subfield><subfield code="d">OCLCQ</subfield></datafield><datafield ind1=" " ind2=" " tag="042"><subfield code="a">msc</subfield></datafield><datafield ind1="0" ind2=" " tag="130"><subfield code="a">Story (Ashland, Mont.)</subfield></datafield><datafield ind1="1" ind2="4" tag="245"><subfield code="a">The Story.</subfield></datafield><datafield ind1=" " ind2=" " tag="260"><subfield code="a">Ashland, Mont. :</subfield><subfield code="b">J. Bilbrey,</subfield><subfield code="c">-1984.</subfield></datafield><datafield ind1=" " ind2=" " tag="300"><subfield code="a">2 v. :</subfield><subfield code="b">ill. ;</subfield><subfield code="c">41 cm.</subfield></datafield><datafield ind1=" " ind2=" " tag="310"><subfield code="a">Biweekly</subfield></datafield><datafield ind1="0" ind2=" " tag="362"><subfield code="a">-v. 3, no. 7 (June 5, 1984).</subfield></datafield><datafield ind1="1" ind2=" " tag="362"><subfield code="a">Began in Apr. or May 1983.</subfield></datafield><datafield ind1=" " ind2=" " tag="752"><subfield code="a">United States</subfield><subfield code="b">Montana</subfield><subfield code="c">Rosebud</subfield><subfield code="d">Ashland.</subfield></datafield><datafield ind1="0" ind2="0" tag="780"><subfield code="t">Ashland story</subfield><subfield code="w">(DLC)sn 84036086</subfield></datafield><datafield ind1="0" ind2="1" tag="785"><subfield code="t">Enterprise news (Forsyth, Mont.)</subfield><subfield code="w">(DLC)sn 85053122</subfield></datafield><datafield ind1="1" ind2=" " tag="029"><subfield code="a">AU@</subfield><subfield code="b">000023481984</subfield></datafield></record>